<collection xmlns="http://www.loc.gov/MARC21/slim">
<record>
  <leader>01503nam0a22002531i 450 </leader>
  <controlfield tag="001">IT\ICCU\CNCE\063852</controlfield>
  <controlfield tag="005">20150317000000.0</controlfield>
  <datafield tag="012" ind1=" " ind2=" ">
    <subfield code="a">ceie hihi o.bo DiSo (C) 1505 (Q)</subfield>
    <subfield code="2">fei</subfield>
  </datafield>
  <datafield tag="100" ind1=" " ind2=" ">
    <subfield code="a">20060123f1505        0itac0103    ba</subfield>
  </datafield>
  <datafield tag="101" ind1=" " ind2=" ">
    <subfield code="a">ITA</subfield>
  </datafield>
  <datafield tag="102" ind1=" " ind2=" ">
    <subfield code="a">IT</subfield>
  </datafield>
  <datafield tag="200" ind1="1" ind2=" ">
    <subfield code="a">Qui incommincia lopera de le busie intitulata busardelo composta per lo famosissimo homo miser Anfi. in la quale se comprehende molte infinite busie per ogni punto del dato; e questo dimonstra quanto nel tempo presente pochi veriteuoli si troua ...</subfield>
  </datafield>
  <datafield tag="210" ind1=" " ind2=" ">
    <subfield code="a">\Venezia</subfield>
    <subfield code="c">Giovanni Battista Sessa</subfield>
    <subfield code="d">non dopo il 1505!</subfield>
  </datafield>
  <datafield tag="215" ind1=" " ind2=" ">
    <subfield code="a">\32! c.</subfield>
    <subfield code="c">ill.</subfield>
    <subfield code="d">8ʻ</subfield>
  </datafield>
  <datafield tag="300" ind1=" " ind2=" ">
    <subfield code="a">Per l&apos;autore cfr.: Dizionario biografico degli italiani, 5, p. 445-446, e Biblia, biblioteca del libro antico, 1, p. 34. - La data presunta si ricava dall&apos;attivit ̉del tipografo</subfield>
  </datafield>
  <datafield tag="620" ind1=" " ind2=" ">
    <subfield code="a">IT</subfield>
    <subfield code="d">Venezia</subfield>
  </datafield>
  <datafield tag="700" ind1=" " ind2="0">
    <subfield code="a">Baldassarre</subfield>
    <subfield code="c"> : da#Fossombrone</subfield>
    <subfield code="3">IT\ICCU\CNCA\026180</subfield>
  </datafield>
  <datafield tag="712" ind1="0" ind2="0">
    <subfield code="a">Sessa, Giovanni Battista</subfield>
    <subfield code="c"> &lt;1.&gt;</subfield>
    <subfield code="3">IT\ICCU\CNCT\000398</subfield>
    <subfield code="4">650</subfield>
  </datafield>
  <datafield tag="801" ind1=" " ind2="3">
    <subfield code="a">IT</subfield>
    <subfield code="b">ICCU</subfield>
    <subfield code="c">20201115</subfield>
  </datafield>
  <datafield tag="899" ind1=" " ind2=" ">
    <subfield code="a">Biblioteca Arcivescovile. Udine</subfield>
    <subfield code="1">UD0100</subfield>
    <subfield code="2">ZUD 11</subfield>
  </datafield>
  <datafield tag="911" ind1=" " ind2=" ">
    <subfield code="a">Sul front.</subfield>
    <subfield code="9">IT\ICCU\CNCM\001120</subfield>
  </datafield>
  <datafield tag="911" ind1=" " ind2=" ">
    <subfield code="a">In fine</subfield>
    <subfield code="9">IT\ICCU\CNCM\000405</subfield>
  </datafield>
  <datafield tag="921" ind1=" " ind2=" ">
    <subfield code="a">IT\ICCU\CNCM\001120</subfield>
    <subfield code="b">Gatto con topo in bocca in cerchio sormontato da corona. Ai lati e in basso iniziali I.B.S.</subfield>
    <subfield code="c">A77</subfield>
    <subfield code="c">K290</subfield>
    <subfield code="c">Z601</subfield>
    <subfield code="d">Dimensioni: 3 x 4</subfield>
    <subfield code="f">GATTO</subfield>
    <subfield code="f">TOPO</subfield>
    <subfield code="f">IBS</subfield>
    <subfield code="g">1501-1505</subfield>
  </datafield>
  <datafield tag="921" ind1=" " ind2=" ">
    <subfield code="a">IT\ICCU\CNCM\000405</subfield>
    <subfield code="b">Cerchio con croce doppia e iniziali I.B.S.</subfield>
    <subfield code="c">A76</subfield>
    <subfield code="c">K291</subfield>
    <subfield code="c">Z277</subfield>
    <subfield code="d">Dimensioni: 3,3 x 4,1</subfield>
    <subfield code="f">CERCHIO</subfield>
    <subfield code="f">CROCI</subfield>
    <subfield code="f">IBS</subfield>
    <subfield code="g">1501-1505</subfield>
  </datafield>
</record>
</collection>
